@misc{cita, title={Calibre virtual – simulador nonio en milímetro 0,05}, url={https://www.stefanelli.eng.br/es/calibre-virtual-simulador-milimetro-05/#swiffycontainer_1}, journal={www.stefanelli.eng.br - Website}, author={Eduardo Stefanelli}, urldate = {2023-02-10}}

@misc{ardila,
        author = {Ardila Vargas Ángel Miguel},
        title = {Física experimental},
        year = {2007},
        abstract = {Estas notas de clase no pretenden ser ni mucho menos una obra total- mente original. La teoría y los procedimientos aquí mostrados han sido el resultado de muchos años de trabajo de miles de investigadores tanto físicos como matemáticos que han aportado su grano de arena en todo este desarrollo. En la literatura y en la internet se encuentran sin dificultad libros y trabajos (muchos de ellos referenciados aquí), que abarcan todos los temas relacionados en estas notas de clase. Sin embargo, he buscado agrupar en un solo texto, de forma más extensa que en otros conocidos, pero menos amplia que en los libros especializados, aquellos conocimientos que considero, deben dominar los estudiantes que cursen la materia de Física Experimental (texto tomado de la fuente)},
        url = {https://repositorio.unal.edu.co/handle/unal/83755}
        }