@book{lanaturaleza,
        title={F{\'\i}sica: la naturaleza de las cosas},
        author={Lea, S.M. and Burke, J.R.},
        number={v. 1},
        isbn={9789687529370},
        series={Ciencias (International Thomson Editores)},
        url={https://books.google.com.co/books?id=AzM0PwAACAAJ},
        year={1998},
        publisher={International Thomson Editores, S. A. de C. V.}
        }

@article{serway,
        title={F{\'\i}sica para ciencias e ingenier{\'\i}a 7ma Ed},
        author={Serway, Raymond A and others},
        year={2015},
        publisher={Cengage Learning},
        }

@article{londono,
        title={Introducci{\'o}n a la Mec{\'a}nica},
        author={Londo{\~n}o Vega, Mario Felipe},
        journal={Escuela de F{\'\i}sica},
        year={2003},
        publisher={Universidad Nacional de Colombia}
        }

@book{sears,
        title={F{\'\i}sica universitaria},
        author={Sears, Francis Weston and Zemansky, Mark W and Young, Hugh D and Freedman, Roger A and Ford, A Lewis},
        volume={1},
        year={2004},
        publisher={Pearson}
}